
@article{davis1975survey,
  title={A survey of edge detection techniques},
  author={Davis, Larry S},
  journal={Computer Graphics and Image Processing},
  volume={4},
  number={3},
  pages={248--270},
  year={1975},
  publisher={Elsevier}
}

@article{torre1986edge,
  title={On edge detection},
  author={Torre, Vincent and Poggio, Tomaso A},
  journal={IEEE Transactions on Pattern Analysis and Machine Intelligence},
  number={2},
  pages={147--163},
  year={1986},
  publisher={IEEE}
}

@article{yu2021searching,
  title={Searching multi-rate and multi-modal temporal enhanced networks for gesture recognition},
  author={Yu, Zitong and Zhou, Benjia and Wan, Jun and Wang, Pichao and Chen, Haoyu and Liu, Xin and Li, Stan Z and Zhao, Guoying},
  journal={IEEE Transactions on Image Processing},
  year={2021}
}

@phdthesis{roberts1963machine,
  title={Machine perception of three-dimensional solids},
  author={Roberts, Lawrence G},
  year={1963},
  school={Massachusetts Institute of Technology}
}

@article{prewitt1970object,
  title={Object enhancement and extraction},
  author={Prewitt, Judith MS},
  journal={Picture processing and Psychopictorics},
  volume={10},
  number={1},
  pages={15--19},
  year={1970},
  publisher={Academic Press New York}
}

@article{sobel19683x3,
  title={A 3x3 isotropic gradient operator for image processing},
  author={Sobel, Irwin and Feldman, Gary},
  journal={A Talk at The Stanford Artificial Project in},
  pages={271--272},
  year={1968}
}

@article{davidson2006differenceofgaussain,
  title={Molecular expressions microscopy primer: Digital image processing-difference of gaussians edge enhancement algorithm},
  author={Davidson, Michael W and Abramowitz, Mortimer},
  journal={Olympus America Inc., and Florida State University},
  year={2006}
}

@article{canny1986computational,
  title={A computational approach to edge detection},
  author={Canny, John},
  journal={IEEE Transactions on Pattern Analysis and Machine Intelligence},
  number={6},
  pages={679--698},
  year={1986},
  publisher={Ieee}
}

@inproceedings{long2015fully,
  title={Fully convolutional networks for semantic segmentation},
  author={Long, Jonathan and Shelhamer, Evan and Darrell, Trevor},
  booktitle={CVPR},
  pages={3431--3440},
  year={2015}
}

@article{xie2017holistically,
  title={Holistically-Nested Edge Detection},
  author={Xie, Saining and Tu, Zhuowen},
  journal={International Journal of Computer Vision},
  volume={125},
  number={1-3},
  pages={3--18},
  year={2017},
  publisher={Kluwer Academic Publishers Norwell, MA, USA}
}

@article{liu2019richer,
  title={Richer convolutional features for edge detection},
  author={Liu, Yun and Cheng, Ming-Ming and Hu, Xiaowei and Bian, Jia-Wang and Zhang, Le and Bai, Xiang and Tang, Jinhui},
  journal={IEEE Transactions on Pattern Analysis and Machine Intelligence},
  volume={41},
  number={8},
  pages={1939--1946},
  year={2019},
  publisher={IEEE}
}

@inproceedings{he2019bidirectional,
  title={Bi-directional cascade network for perceptual edge detection},
  author={He, Jianzhong and Zhang, Shiliang and Yang, Ming and Shan, Yanhu and Huang, Tiejun},
  booktitle={CVPR},
  pages={3828--3837},
  year={2019}
}

@inproceedings{simonyan2014very,
  author    = {Karen Simonyan and
               Andrew Zisserman},
  title     = {Very Deep Convolutional Networks for Large-Scale Image Recognition},
  booktitle = {ICLR},
  year      = {2015},
}

@inproceedings{deng2009imagenet,
  title={Imagenet: A large-scale hierarchical image database},
  author={Deng, Jia and Dong, Wei and Socher, Richard and Li, Li-Jia and Li, Kai and Fei-Fei, Li},
  booktitle={CVPR},
  pages={248--255},
  year={2009},
  organization={Ieee}
}

@article{wibisono2020fined,
  title={FINED: Fast Inference Network for Edge Detection},
  author={Wibisono, Jan Kristanto and Hang, Hsueh-Ming},
  journal={arXiv preprint arXiv:2012.08392},
  year={2020}
}

@inproceedings{poma2020dense,
  title={Dense extreme inception network: Towards a robust cnn model for edge detection},
  author={Poma, Xavier Soria and Riba, Edgar and Sappa, Angel},
  booktitle={WACV},
  pages={1923--1932},
  year={2020}
}

@inproceedings{wibisono2020traditional,
  title={Traditional method inspired deep neural network for edge detection},
  author={Wibisono, Jan Kristanto and Hang, Hsueh-Ming},
  booktitle={ICIP},
  pages={678--682},
  year={2020},
  organization={IEEE}
}

@inproceedings{he2016residual,
  title={Deep residual learning for image recognition},
  author={He, Kaiming and Zhang, Xiangyu and Ren, Shaoqing and Sun, Jian},
  booktitle={CVPR},
  pages={770--778},
  year={2016}
}

@article{howard2017mobilenets,
  title={Mobilenets: Efficient convolutional neural networks for mobile vision applications},
  author={Howard, Andrew G and Zhu, Menglong and Chen, Bo and Kalenichenko, Dmitry and Wang, Weijun and Weyand, Tobias and Andreetto, Marco and Adam, Hartwig},
  journal={arXiv preprint arXiv:1704.04861},
  year={2017}
}

@article{martin2004pb,
  title={Learning to detect natural image boundaries using local brightness, color, and texture cues},
  author={Martin, David R and Fowlkes, Charless C and Malik, Jitendra},
  journal={IEEE Transactions on Pattern Analysis and Machine Intelligence},
  volume={26},
  number={5},
  pages={530--549},
  year={2004},
  publisher={IEEE}
}

@inproceedings{xiaofeng2012scg,
  title={Discriminatively trained sparse code gradients for contour detection},
  author={Xiaofeng, Ren and Bo, Liefeng},
  booktitle={NeurIPS},
  pages={584--592},
  year={2012}
}


@inproceedings{yu2020searching,
  title={Searching central difference convolutional networks for face anti-spoofing},
  author={Yu, Zitong and Zhao, Chenxu and Wang, Zezheng and Qin, Yunxiao and Su, Zhuo and Li, Xiaobai and Zhou, Feng and Zhao, Guoying},
  booktitle={CVPR},
  pages={5295--5305},
  year={2020}
}

@article{luan2018gabor,
  title={Gabor convolutional networks},
  author={Luan, Shangzhen and Chen, Chen and Zhang, Baochang and Han, Jungong and Liu, Jianzhuang},
  journal={IEEE Transactions on Image Processing},
  volume={27},
  number={9},
  pages={4357--4366},
  year={2018},
  publisher={IEEE}
}

@article{dollar2014se,
  title={Fast edge detection using structured forests},
  author={Doll{\'a}r, Piotr and Zitnick, C Lawrence},
  journal={IEEE Transactions on Pattern Analysis and Machine Intelligence},
  volume={37},
  number={8},
  pages={1558--1570},
  year={2015},
  publisher={IEEE}
}

@inproceedings{hallman2015oef,
  title={Oriented edge forests for boundary detection},
  author={Hallman, Sam and Fowlkes, Charless C},
  booktitle={CVPR},
  pages={1732--1740},
  year={2015}
}

@inproceedings{bertasius2015deepedge,
  title={Deepedge: A multi-scale bifurcated deep network for top-down contour detection},
  author={Bertasius, Gedas and Shi, Jianbo and Torresani, Lorenzo},
  booktitle={CVPR},
  pages={4380--4389},
  year={2015}
}

@inproceedings{shen2015deepcontour,
  title={Deepcontour: A deep convolutional feature learned by positive-sharing loss for contour detection},
  author={Shen, Wei and Wang, Xinggang and Wang, Yan and Bai, Xiang and Zhang, Zhijiang},
  booktitle={CVPR},
  pages={3982--3991},
  year={2015}
}

@inproceedings{bertasius2015hfl,
  title={High-for-low and low-for-high: Efficient boundary detection from deep object features and its applications to high-level vision},
  author={Bertasius, Gedas and Shi, Jianbo and Torresani, Lorenzo},
  booktitle={ICCV},
  pages={504--512},
  year={2015}
}

@inproceedings{yang2016cedn,
  title={Object contour detection with a fully convolutional encoder-decoder network},
  author={Yang, Jimei and Price, Brian and Cohen, Scott and Lee, Honglak and Yang, Ming-Hsuan},
  booktitle={CVPR},
  pages={193--202},
  year={2016}
}

@article{kokkinos2015deepboundary,
  title={Pushing the boundaries of boundary detection using deep learning},
  author={Kokkinos, Iasonas},
  journal={arXiv preprint arXiv:1511.07386},
  year={2015}
}

@inproceedings{maninis2016cob,
  title={Convolutional oriented boundaries},
  author={Maninis, Kevis-Kokitsi and Pont-Tuset, Jordi and Arbel{\'a}ez, Pablo and Van Gool, Luc},
  booktitle={ECCV},
  pages={580--596},
  year={2016},
  organization={Springer}
}

@inproceedings{wang2017ced,
  title={Deep crisp boundaries},
  author={Wang, Yupei and Zhao, Xin and Huang, Kaiqi},
  booktitle={CVPR},
  pages={3892--3900},
  year={2017}
}

@inproceedings{xu2018amhnet,
  title={Learning deep structured multi-scale features using attention-gated crfs for contour prediction},
  author={Xu, Dan and Ouyang, Wanli and Alameda-Pineda, Xavier and Ricci, Elisa and Wang, Xiaogang and Sebe, Nicu},
  booktitle = {NeurIPS},
  pages     = {3961--3970},
  year      = {2017},
}

@inproceedings{deng2018lpcb,
  title={Learning to predict crisp boundaries},
  author={Deng, Ruoxi and Shen, Chunhua and Liu, Shengjun and Wang, Huibing and Liu, Xinru},
  booktitle={ECCV},
  pages={562--578},
  year={2018}
}

@article{arbelaez2010bsds,
  title={Contour detection and hierarchical image segmentation},
  author={Arbelaez, Pablo and Maire, Michael and Fowlkes, Charless and Malik, Jitendra},
  journal={IEEE Transactions on Pattern Analysis and Machine Intelligence},
  volume={33},
  number={5},
  pages={898--916},
  year={2011},
  publisher={IEEE}
}

@inproceedings{gupta2013gpbng,
  title={Perceptual organization and recognition of indoor scenes from RGB-D images},
  author={Gupta, Saurabh and Arbelaez, Pablo and Malik, Jitendra},
  booktitle={CVPR},
  pages={564--571},
  year={2013}
}

@inproceedings{gupta2014seng,
  title={Learning rich features from RGB-D images for object detection and segmentation},
  author={Gupta, Saurabh and Girshick, Ross and Arbel{\'a}ez, Pablo and Malik, Jitendra},
  booktitle={ECCV},
  pages={345--360},
  year={2014},
  organization={Springer}
}

@article{mely2016multicue,
  title={A systematic comparison between visual cues for boundary detection},
  author={M{\'e}ly, David A and Kim, Junkyung and McGill, Mason and Guo, Yuliang and Serre, Thomas},
  journal={Vision Research},
  volume={120},
  pages={93--107},
  year={2016},
  publisher={Elsevier}
}

@inproceedings{juefei2017lbc,
  title={Local binary convolutional neural networks},
  author={Juefei-Xu, Felix and Naresh Boddeti, Vishnu and Savvides, Marios},
  booktitle={CVPR},
  pages={19--28},
  year={2017}
}

@inproceedings{yu2020cdc,
  title={Searching central difference convolutional networks for face anti-spoofing},
  author={Yu, Zitong and Zhao, Chenxu and Wang, Zezheng and Qin, Yunxiao and Su, Zhuo and Li, Xiaobai and Zhou, Feng and Zhao, Guoying},
  booktitle={CVPR},
  pages={5295--5305},
  year={2020}
}

@article{ojala2002lbp,
  title={Multiresolution gray-scale and rotation invariant texture classification with local binary patterns},
  author={Ojala, Timo and Pietikainen, Matti and Maenpaa, Topi},
  journal={IEEE Transactions on Pattern Analysis and Machine Intelligence},
  volume={24},
  number={7},
  pages={971--987},
  year={2002},
  publisher={IEEE}
}

@inproceedings{liu2016relaxed,
  title={Learning relaxed deep supervision for better edge detection},
  author={Liu, Yu and Lew, Michael S},
  booktitle={CVPR},
  pages={231--240},
  year={2016}
}

@article{liu2020dynamicintegration,
  title={Dynamic feature integration for simultaneous detection of salient object, edge, and skeleton},
  author={Liu, Jiang-Jiang and Hou, Qibin and Cheng, Ming-Ming},
  journal={IEEE Transactions on Image Processing},
  volume={29},
  pages={8652--8667},
  year={2020},
  publisher={IEEE}
}

@inproceedings{kokkinos2017ubernet,
  title={Ubernet: Training a universal convolutional neural network for low-, mid-, and high-level vision using diverse datasets and limited memory},
  author={Kokkinos, Iasonas},
  booktitle={CVPR},
  pages={6129--6138},
  year={2017}
}

@article{wu2020cgnet,
  title={Cgnet: A light-weight context guided network for semantic segmentation},
  author={Wu, Tianyi and Tang, Sheng and Zhang, Rui and Cao, Juan and Zhang, Yongdong},
  journal={IEEE Transactions on Image Processing},
  volume={30},
  pages={1169--1179},
  year={2020},
  publisher={IEEE}
}

@inproceedings{gao2020100k,
  title={Highly efficient salient object detection with 100k parameters},
  author={Gao, Shang-Hua and Tan, Yong-Qiang and Cheng, Ming-Ming and Lu, Chengze and Chen, Yunpeng and Yan, Shuicheng},
  booktitle={ECCV},
  pages={702--721},
  year={2020},
  organization={Springer}
}

@article{paszke2016enet,
  title={Enet: A deep neural network architecture for real-time semantic segmentation},
  author={Paszke, Adam and Chaurasia, Abhishek and Kim, Sangpil and Culurciello, Eugenio},
  journal={arXiv preprint arXiv:1606.02147},
  year={2016}
}

@inproceedings{li2019dabnet,
  author    = {Gen Li and
               Joongkyu Kim},
  title     = {DABNet: Depth-wise Asymmetric Bottleneck for Real-time Semantic Segmentation},
  booktitle = {BMVC},
  pages     = {259},
  publisher = {{BMVA} Press},
  year      = {2019},
}

@inproceedings{mehta2019espnetv2,
  title={Espnetv2: A light-weight, power efficient, and general purpose convolutional neural network},
  author={Mehta, Sachin and Rastegari, Mohammad and Shapiro, Linda and Hajishirzi, Hannaneh},
  booktitle={CVPR},
  pages={9190--9200},
  year={2019}
}

@inproceedings{yu2018bisenet,
  title={Bisenet: Bilateral segmentation network for real-time semantic segmentation},
  author={Yu, Changqian and Wang, Jingbo and Peng, Chao and Gao, Changxin and Yu, Gang and Sang, Nong},
  booktitle={ECCV},
  pages={325--341},
  year={2018}
}

@article{shi2000nyud,
  title={Normalized cuts and image segmentation},
  author={Shi, Jianbo and Malik, Jitendra},
  journal={IEEE Transactions on Pattern Analysis and Machine Intelligence},
  volume={22},
  number={8},
  pages={888--905},
  year={2000},
  publisher={Ieee}
}

@inproceedings{mottaghi2014voc,
  title={The role of context for object detection and semantic segmentation in the wild},
  author={Mottaghi, Roozbeh and Chen, Xianjie and Liu, Xiaobai and Cho, Nam-Gyu and Lee, Seong-Whan and Fidler, Sanja and Urtasun, Raquel and Yuille, Alan},
  booktitle={CVPR},
  pages={891--898},
  year={2014}
}

@inproceedings{paszke2019pytorch,
  author    = {Adam Paszke and
               Sam Gross and
               Francisco Massa and
               Adam Lerer and
               James Bradbury and
               Gregory Chanan and
               Trevor Killeen and
               Zeming Lin and
               Natalia Gimelshein and
               Luca Antiga and
               Alban Desmaison and
               Andreas K{\"{o}}pf and
               Edward Yang and
               Zachary DeVito and
               Martin Raison and
               Alykhan Tejani and
               Sasank Chilamkurthy and
               Benoit Steiner and
               Lu Fang and
               Junjie Bai and
               Soumith Chintala},
  title     = {PyTorch: An Imperative Style, High-Performance Deep Learning Library},
  booktitle = {NeurIPS},
  pages     = {8024--8035},
  year      = {2019},
}

@inproceedings{kingma2014adam,
  author    = {Diederik P. Kingma and
               Jimmy Ba},
  editor    = {Yoshua Bengio and
               Yann LeCun},
  title     = {Adam: {A} Method for Stochastic Optimization},
  booktitle = {ICLR},
  year      = {2015},
}

@article{liu2020deep,
  title={Deep learning for generic object detection: A survey},
  author={Liu, Li and Ouyang, Wanli and Wang, Xiaogang and Fieguth, Paul and Chen, Jie and Liu, Xinwang and Pietik{\"a}inen, Matti},
  journal={International Journal of Computer Vision},
  volume={128},
  number={2},
  pages={261--318},
  year={2020},
  publisher={Springer}
}

@article{ferrari2007groups,
  title={Groups of adjacent contour segments for object detection},
  author={Ferrari, Vittorio and Fevrier, Loic and Jurie, Frederic and Schmid, Cordelia},
  journal={IEEE Transactions on Pattern Analysis and Machine Intelligence},
  volume={30},
  number={1},
  pages={36--51},
  year={2008},
  publisher={IEEE}
}

@inproceedings{cheng2014bing,
  title={BING: Binarized normed gradients for objectness estimation at 300fps},
  author={Cheng, Ming-Ming and Zhang, Ziming and Lin, Wen-Yan and Torr, Philip},
  booktitle={CVPR},
  pages={3286--3293},
  year={2014}
}

@article{uijlings2013selective,
  title={Selective search for object recognition},
  author={Uijlings, Jasper RR and Van De Sande, Koen EA and Gevers, Theo and Smeulders, Arnold WM},
  journal={International Journal of Computer Vision},
  volume={104},
  number={2},
  pages={154--171},
  year={2013},
  publisher={Springer}
}

@inproceedings{elder1998imageediting,
  title={Image editing in the contour domain},
  author={Elder, James H and Goldberg, Richard M},
  booktitle={Proceedings. 1998 IEEE Computer Society Conference on Computer Vision and Pattern Recognition (Cat. No. 98CB36231)},
  pages={374--381},
  year={1998},
  organization={IEEE}
}

@article{muthukrishnan2011edgeimageseg,
  title={Edge detection techniques for image segmentation},
  author={Muthukrishnan, R and Radha, Miyilsamy},
  journal={International Journal of Computer Science \& Information Technology},
  volume={3},
  number={6},
  pages={259},
  year={2011},
  publisher={Academy \& Industry Research Collaboration Center (AIRCC)}
}

@inproceedings{bertasius2016semantic,
  title={Semantic segmentation with boundary neural fields},
  author={Bertasius, Gedas and Shi, Jianbo and Torresani, Lorenzo},
  booktitle={CVPR},
  pages={3602--3610},
  year={2016}
}

@article{fowlkes2002learningpb,
  title={Learning to detect natural image boundaries using brightness and texture},
  author={Fowlkes, David R Martin Charless C and Malik, Jitendra},
  journal={NeurIPS},
  year={2002}
}

@inproceedings{liu2011sorted,
  title={Sorted random projections for robust texture classification},
  author={Liu, Li and Fieguth, Paul and Kuang, Gangyao and Zha, Hongbin},
  booktitle={ICCV},
  pages={391--398},
  year={2011},
  organization={IEEE}
}

@article{liu2012extended,
  title={Extended local binary patterns for texture classification},
  author={Liu, Li and Zhao, Lingjun and Long, Yunli and Kuang, Gangyao and Fieguth, Paul},
  journal={Image and Vision Computing},
  volume={30},
  number={2},
  pages={86--99},
  year={2012},
  publisher={Elsevier}
}

@inproceedings{su2019bird,
  title={BIRD: Learning Binary and Illumination Robust Descriptor for Face Recognition.},
  author={Su, Zhuo and Pietik{\"a}inen, Matti and Liu, Li},
  booktitle={BMVC},
  pages={102},
  year={2019}
}

@article{liu2019bow,
  title={From BoW to CNN: Two decades of texture representation for texture classification},
  author={Liu, Li and Chen, Jie and Fieguth, Paul and Zhao, Guoying and Chellappa, Rama and Pietik{\"a}inen, Matti},
  journal={International Journal of Computer Vision},
  volume={127},
  number={1},
  pages={74--109},
  year={2019},
  publisher={Springer}
}

@inproceedings{han2015deepcompression,
  author    = {Song Han and
               Huizi Mao and
               William J. Dally},
  title     = {Deep Compression: Compressing Deep Neural Network with Pruning, Trained
               Quantization and Huffman Coding},
  booktitle = {ICLR},
  year      = {2016}
}

@inproceedings{su2020dynamic,
  title={Dynamic group convolution for accelerating convolutional neural networks},
  author={Su, Zhuo and Fang, Linpu and Kang, Wenxiong and Hu, Dewen and Pietik{\"a}inen, Matti and Liu, Li},
  booktitle={ECCV},
  pages={138--155},
  year={2020},
  organization={Springer}
}

@inproceedings{ma2018shufflenetv2,
  title={Shufflenet v2: Practical guidelines for efficient cnn architecture design},
  author={Ma, Ningning and Zhang, Xiangyu and Zheng, Hai-Tao and Sun, Jian},
  booktitle={ECCV},
  pages={116--131},
  year={2018}
}

@article{yu2020fas,
  title={Nas-fas: Static-dynamic central difference network search for face anti-spoofing},
  author={Yu, Zitong and Wan, Jun and Qin, Yunxiao and Li, Xiaobai and Li, Stan Z and Zhao, Guoying},
  journal={IEEE Transactions on Pattern Analysis and Machine Intelligence},
  year={2021}
}


@inproceedings{yu2021dual,
  title={Dual-Cross Central Difference Network for Face Anti-Spoofing},
  author={Yu, Zitong and Qin, Yunxiao and Zhao, Hengshuang and Li, Xiaobai and Zhao, Guoying},
  booktitle={IJCAI},
  year={2021}
}
